<?xml version="1.0" encoding="UTF-8"?><collection xmlns="http://www.loc.gov/MARC21/slim"><record><leader>00464nam--2200169-i-4500</leader><controlfield tag="001">000017363</controlfield><controlfield tag="002">20161230</controlfield><controlfield tag="005">20170127224840</controlfield><controlfield tag="008">060222s1000------------r-----000-0-eng-d</controlfield><datafield ind1=" " ind2=" " tag="100"><subfield code="a">Vulcanov, Dumitru N</subfield></datafield><datafield ind1=" " ind2=" " tag="245"><subfield code="a">Teste-grila Pentru Examenul De Electrodinamica Si Teoria Relativitatii</subfield></datafield><datafield ind1=" " ind2=" " tag="260"><subfield code="a">Timisoara</subfield><subfield code="b">Editura Mirton</subfield><subfield code="c">1998</subfield></datafield><datafield ind1=" " ind2=" " tag="300"><subfield code="a">39 p</subfield></datafield><datafield ind1=" " ind2=" " tag="653"><subfield code="a">973-578-</subfield></datafield><datafield ind1=" " ind2=" " tag="700"><subfield code="a">Cotaescu, Ion I</subfield></datafield><datafield ind1=" " ind2=" " tag="852"><subfield code="a">530.12(079)</subfield></datafield><datafield ind1=" " ind2=" " tag="CAT"><subfield code="a">SYS</subfield><subfield code="c">20170127</subfield><subfield code="h">224840</subfield></datafield></record></collection>